<?xml version="1.0" encoding="UTF-8"?><collection xmlns="http://www.loc.gov/MARC21/slim"><record><leader>00353nam--2200121-i-4500</leader><controlfield tag="001">000016532</controlfield><controlfield tag="002">20161230</controlfield><controlfield tag="005">20161230201031</controlfield><controlfield tag="008">060222s1000------------r-----000-0-eng-d</controlfield><datafield ind1=" " ind2=" " tag="080"><subfield code="a">061.62(520):621.384.634</subfield></datafield><datafield ind1=" " ind2=" " tag="245"><subfield code="a">Activity report of synchrotron radiation. laboratory 1994</subfield></datafield><datafield ind1=" " ind2=" " tag="260"><subfield code="a">Tokyo, Institute For Solid State Physics, 1988 72 P</subfield></datafield><datafield ind1=" " ind2=" " tag="852"><subfield code="a">48656</subfield></datafield></record></collection>